<record><leader>00000cas a2200000 a 4500</leader><controlfield tag="001">26913473</controlfield><controlfield tag="008">921104d19221982iluwr ne      0   a0eng c</controlfield><datafield ind1=" " ind2=" " tag="010"><subfield code="a">sn 92054656 </subfield></datafield><datafield ind1=" " ind2=" " tag="040"><subfield code="a">NVF</subfield><subfield code="b">eng</subfield><subfield code="c">NVF</subfield><subfield code="d">OCLCQ</subfield><subfield code="d">NVF</subfield><subfield code="d">OCLCQ</subfield><subfield code="d">NVF</subfield><subfield code="d">OCLCO</subfield></datafield><datafield ind1="1" ind2=" " tag="029"><subfield code="a">AU@</subfield><subfield code="b">000040187899</subfield></datafield><datafield ind1=" " ind2=" " tag="042"><subfield code="a">pcc</subfield></datafield><datafield ind1=" " ind2=" " tag="043"><subfield code="a">n-us-il</subfield></datafield><datafield ind1="0" ind2="0" tag="245"><subfield code="a">Elkville journal.</subfield></datafield><datafield ind1="1" ind2="7" tag="246"><subfield code="a">Elkville (Ill.) journal</subfield></datafield><datafield ind1="3" ind2=" " tag="246"><subfield code="a">Elkville Illinois journal</subfield></datafield><datafield ind1=" " ind2=" " tag="260"><subfield code="a">Elkville, Ill. :</subfield><subfield code="b">S.S. Allen,</subfield><subfield code="c">1922-1982.</subfield></datafield><datafield ind1=" " ind2=" " tag="300"><subfield code="a">v.</subfield></datafield><datafield ind1=" " ind2=" " tag="310"><subfield code="a">Weekly</subfield></datafield><datafield ind1="0" ind2=" " tag="362"><subfield code="a">Vol. 1, [no. 1] (May 5, 1922)-Aug. 5, 1982.</subfield></datafield><datafield ind1=" " ind2="0" tag="651"><subfield code="a">Elkville (Ill.)</subfield><subfield code="v">Newspapers.</subfield></datafield><datafield ind1=" " ind2=" " tag="752"><subfield code="a">United States</subfield><subfield code="b">Illinois</subfield><subfield code="c">Jackson</subfield><subfield code="d">Elkville.</subfield></datafield><datafield ind1="0" ind2="0" tag="785"><subfield code="t">Murphysboro American</subfield><subfield code="w">(DLC)sn 92054657</subfield><subfield code="w">(OCoLC)10786094</subfield></datafield></record>